@misc{ wiki:000, author = "Wikipedia", title = "Pulley --- Wikipedia{,} The Free Encyclopedia", year = "2014", url = "http://en.wikipedia.org/w/index.php?title=Pulley&oldid=626323027", note = "[Online; accessed 29-September-2014]" } 
@misc{ wiki:001, author = "Wikipedia", title = "Domino effect --- Wikipedia{,} The Free Encyclopedia", year = "2014", url = "http://en.wikipedia.org/w/index.php?title=Domino_effect&oldid=626664179", note = "[Online; accessed 29-September-2014]" } 
@misc{ wiki:002, author = "Wikipedia", title = "Newton's cradle --- Wikipedia{,} The Free Encyclopedia", year = "2014", url = "http://en.wikipedia.org/w/index.php?title=Newton\%27s_cradle&oldid=625180189", note = "[Online; accessed 29-September-2014]" }
